<record xmlns="http://www.loc.gov/MARC21/slim" xmlns:xsi="http://www.w3.org/2001/XMLSchema-instance" xsi:schemaLocation="http://www.loc.gov/MARC21/slim http://www.loc.gov/standards/marcxml/schema/MARC21slim.xsd"><leader>02680nam a2200493   4500</leader><controlfield tag="001">1685926</controlfield><controlfield tag="003">NIC</controlfield><controlfield tag="006">m        d        </controlfield><controlfield tag="007">cr cn |||m|||a</controlfield><controlfield tag="008">150113s1932    tu      ob    001 0 ara d</controlfield><datafield ind1=" " ind2=" " tag="040"><subfield code="a">NNU</subfield><subfield code="b">eng</subfield><subfield code="e">rda</subfield><subfield code="c">NNU</subfield></datafield><datafield ind1="0" ind2=" " tag="041"><subfield code="a">ara</subfield><subfield code="b">ger</subfield></datafield><datafield ind1="1" ind2=" " tag="100"><subfield code="6">880-01</subfield><subfield code="a">Da&#772;ni&#772;, &#699;Uthma&#772;n ibn Sa&#699;i&#772;d,</subfield><subfield code="d">981 or 982-1053.</subfield></datafield><datafield ind1="1" ind2="0" tag="245"><subfield code="6">880-02</subfield><subfield code="a">Kita&#772;b al-muqni&#699; fi&#772; rasm mas&#803;a&#772;h&#803;if al-ams&#803;a&#772;r. Ma&#699;a Kita&#772;b al-nuqat&#803; /</subfield><subfield code="c">ta&#700;li&#772;f Abi&#772; &#699;Umar wa-&#699;Uthma&#772;n ibn S&#699;i&#772;d al-Da&#772;ni&#772; ; bi-i&#699;tina&#772;&#700; U&#772;tu&#772; Pertzel.</subfield></datafield><datafield ind1="3" ind2=" " tag="246"><subfield code="6">880-03</subfield><subfield code="a">Muqni&#699; fi&#772; rasm mas&#803;a&#772;h&#803;if al-ams&#803;a&#772;r</subfield></datafield><datafield ind1="3" ind2=" " tag="246"><subfield code="a">Orthographie und Punktierung des Koran</subfield></datafield><datafield ind1=" " ind2=" " tag="260"><subfield code="6">880-04</subfield><subfield code="a">Ista&#772;nbu&#772;l :</subfield><subfield code="b">Mat&#803;ba&#699;at al-Dawlah,</subfield><subfield code="c">1932.</subfield></datafield><datafield ind1=" " ind2=" " tag="300"><subfield code="a">online resource (239, 32 pages)</subfield></datafield><datafield ind1=" " ind2=" " tag="336"><subfield code="a">text</subfield><subfield code="2">rdacontent</subfield></datafield><datafield ind1=" " ind2=" " tag="337"><subfield code="a">computer</subfield><subfield code="2">rdamedia</subfield></datafield><datafield ind1=" " ind2=" " tag="338"><subfield code="a">online resource</subfield><subfield code="2">rdacarrier</subfield></datafield><datafield ind1="1" ind2=" " tag="490"><subfield code="a">Nashri&#772;ya&#772;t al-Isla&#772;mi&#772;yah ;</subfield><subfield code="v">3</subfield></datafield><datafield ind1=" " ind2=" " tag="500"><subfield code="a">Introduction in German.</subfield></datafield><datafield ind1=" " ind2=" " tag="500"><subfield code="a">Added t.p. in German: Orthographie und Punktierung des Koran.</subfield></datafield><datafield ind1=" " ind2=" " tag="500"><subfield code="a">Part of the Arabic Collections Online (ACO) project, contributed by Cornell University Libraries.</subfield></datafield><datafield ind1=" " ind2=" " tag="504"><subfield code="a">Includes bibliographical references.</subfield></datafield><datafield ind1=" " ind2=" " tag="533"><subfield code="a">Electronic reproduction.</subfield><subfield code="b">New York, N.Y. :</subfield><subfield code="c">New York University,</subfield><subfield code="d">2015.</subfield><subfield code="5">NNU</subfield></datafield><datafield ind1="0" ind2="0" tag="630"><subfield code="a">Qur&#700;an</subfield><subfield code="x">Language, style.</subfield></datafield><datafield ind1="1" ind2=" " tag="700"><subfield code="6">880-05</subfield><subfield code="a">Pretzl, O.</subfield><subfield code="q">(Otto)</subfield></datafield><datafield ind1="1" ind2=" " tag="700"><subfield code="6">880-06</subfield><subfield code="a">Da&#772;ni&#772;, &#699;Uthma&#772;n ibn Sa&#699;i&#772;d,</subfield><subfield code="d">981 or 982-1053.</subfield><subfield code="t">Kita&#772;b al-muqni&#699;.</subfield></datafield><datafield ind1="2" ind2=" " tag="710"><subfield code="a">Cornell University.</subfield><subfield code="b">Libraries.</subfield></datafield><datafield ind1="0" ind2=" " tag="730"><subfield code="a">Arabic Collections Online.</subfield></datafield><datafield ind1="0" ind2="8" tag="776"><subfield code="i">Print version:</subfield><subfield code="a">Da&#772;ni&#772;, &#699;Uthma&#772;n ibn Sa&#699;i&#772;d, 981 or 982-1053.</subfield><subfield code="t">Kita&#772;b al-muqni&#699; fi&#772; rasm mas&#803;a&#772;h&#803;if al-ams&#803;a&#772;r. Ma&#699;a Kita&#772;b al-nuqat&#803;</subfield><subfield code="w">(NIC)1685926</subfield><subfield code="w">(OCoLC)53262115</subfield></datafield><datafield ind1=" " ind2="0" tag="830"><subfield code="6">880-07</subfield><subfield code="a">Nashara&#772;t al-Isla&#772;mi&#772;yah ;</subfield><subfield code="v">juz&#700; 3.</subfield></datafield><datafield ind1="4" ind2="0" tag="856"><subfield code="u">http://hdl.handle.net/2333.1/6djh9z6j</subfield></datafield><datafield ind1="1" ind2=" " tag="880"><subfield code="6">100-01/r</subfield><subfield code="a">&#1583;&#1575;&#1606;&#1610;&#1548; &#1593;&#1579;&#1605;&#1575;&#1606; &#1576;&#1606; &#1587;&#1593;&#1610;&#1583;&#1548;</subfield><subfield code="d">981 or 982-1053.</subfield></datafield><datafield ind1="1" ind2="0" tag="880"><subfield code="6">245-02/r</subfield><subfield code="a">&#1603;&#1578;&#1575;&#1576; &#1575;&#1604;&#1605;&#1602;&#1606;&#1593; &#1601;&#1610; &#1585;&#1587;&#1605; &#1605;&#1589;&#1575;&#1581;&#1601; &#1575;&#1604;&#1575;&#1605;&#1589;&#1575;&#1585;. &#1605;&#1593; &#1603;&#1578;&#1575;&#1576; &#1575;&#1604;&#1606;&#1602;&#1591; /</subfield><subfield code="c">&#1578;&#1571;&#1604;&#1610;&#1601; &#1575;&#1576;&#1610; &#1593;&#1605;&#1585; &#1608;&#1593;&#1579;&#1605;&#1575;&#1606; &#1576;&#1606; &#1587;&#1593;&#1610;&#1583; &#1575;&#1604;&#1583;&#1575;&#1606;&#1610; &#1563; &#1576;&#1575;&#1593;&#1578;&#1606;&#1575;&#1569; &#1575;&#1608;&#1578;&#1608;&#1575; &#1662;&#1585;&#1578;&#1586;&#1604;.</subfield></datafield><datafield ind1="3" ind2=" " tag="880"><subfield code="6">246-03/r</subfield><subfield code="a">&#1605;&#1602;&#1606;&#1593; &#1601;&#1610; &#1585;&#1587;&#1605; &#1605;&#1589;&#1575;&#1581;&#1601; &#1575;&#1604;&#1575;&#1605;&#1589;&#1575;&#1585;</subfield></datafield><datafield ind1=" " ind2=" " tag="880"><subfield code="6">260-04/r</subfield><subfield code="a">&#1575;&#1587;&#1578;&#1575;&#1606;&#1576;&#1608;&#1604; :</subfield><subfield code="b">&#1605;&#1591;&#1576;&#1593;&#1577; &#1575;&#1604;&#1583;&#1608;&#1604;&#1577;&#1548;</subfield><subfield code="c">1932.</subfield></datafield><datafield ind1="1" ind2=" " tag="880"><subfield code="6">700-05/r</subfield><subfield code="a">&#1662;&#1585;&#1578;&#1586;&#1604;&#1548; .</subfield><subfield code="q">(&#1575;&#1608;&#1578;&#1608;&#1575;)</subfield></datafield><datafield ind1="1" ind2=" " tag="880"><subfield code="6">700-06/r</subfield><subfield code="a">&#1583;&#1575;&#1606;&#1610;&#1548; &#1593;&#1579;&#1605;&#1575;&#1606; &#1576;&#1606; &#1587;&#1593;&#1610;&#1583;&#1548;</subfield><subfield code="d">981 or 982-1053.</subfield><subfield code="t">&#1603;&#1578;&#1575;&#1576; &#1575;&#1604;&#1605;&#1602;&#1606;&#1593;.</subfield></datafield><datafield ind1=" " ind2="0" tag="880"><subfield code="6">830-07/r</subfield><subfield code="a">&#1606;&#1588;&#1585;&#1575;&#1578; &#1575;&#1604;&#1575;&#1587;&#1604;&#1575;&#1605;&#1610;&#1577; &#1563;</subfield><subfield code="v">&#1580;&#1586;&#1569; 3.</subfield></datafield><datafield ind1=" " ind2=" " tag="959"><subfield code="a">NNU</subfield><subfield code="b">WEB</subfield><subfield code="c">GENI</subfield><subfield code="t">0</subfield><subfield code="m">Electronic access</subfield><subfield code="s">01</subfield></datafield><datafield ind1=" " ind2=" " tag="999"><subfield code="i">NIC_1685926</subfield><subfield code="o">(OCoLC)ocm53262115</subfield></datafield></record>